@article{ccetin2014gelenek,
  title={Gelenek ve Modern{\.i}te Arasında T{\"u}rk{\.i}ye’de Son D{\"o}nem Kadın C{\.i}nayetler{\.i}},
  author={{\c{C}}etin, {\.I}hsan},
  journal={Sosyoloji Dergisi},
  number={30},
  pages={41--63},
  year={2014}
}



@article{ozturk2013namusunu,
  title={Namusunu Kanla Temizleyenler: Mardin Cezaevi’nde Namus Davas{\i} Nedeniyle Yatan Mahk{\^u}mlar {\"U}zerine Bir Ara{\c{s}}t{\i}rma},
  author={{\"Ö}zt{\"u}rk, Musa and Dem{\.ı}rda{\u{g}}, araştırma görevlisi Memet Ali},
  journal={Sosyal Politika {\c{C}}al{\i}{\c{s}}malar{\i} Dergisi},
  volume={7},
  number={30},
  pages={117--135},
  year={2013}
}



@article{chesler2010worldwide,
  title={Worldwide trends in honor killings},
  author={Chesler, Phyllis},
  journal={Middle east quarterly},
  year={2010},
  publisher={Middle East Forum}
}


@article{kougaciouglu2007gelenek,
  title={Gelenek s{\"o}ylemleri ve iktidar{\i}n do{\u{g}}alla{\c{s}}mas{\i}: namus cinayetleri {\"o}rne{\u{g}}i},
  author={Ko{\u{g}}ac{\i}o{\u{g}}lu, Dicle},
  journal={K{\"u}lt{\"u}r ve Siyasette Feminist Yakla{\c{s}}{\i}mlar},
  number={3},
  year={2007}
}


@article{gurhan2010toplumsal,
  title={Toplumsal cinsiyet ve din},
  author={G{\"u}rhan, Ara{\c{s}} G{\"o}r Nazife},
  journal={{\c{S}}arkiyat},
  number={4},
  year={2010}
}


@article{bakht2007religious,
  title={Religious arbitration in Canada: Protecting women by protecting them from religion},
  author={Bakht, Natasha},
  journal={Can. J. Women \& L.},
  volume={19},
  pages={119},
  year={2007},
  publisher={HeinOnline}
}
